@Online{ wiki:serie_storica,
  author = "Wikipedia",
  title = "Serie Storica --- Wikipedia{,} L'enciclopedia libera",
  year = "2022",
  url = "https://it.wikipedia.org/wiki/Serie_storica",
  note = "[Online; controllata il 30-gennaio-2022]"
}