@misc{ wiki:serie_storica,
  author = "Wikipedia",
  title = "Serie Storica --- Wikipedia{,} L'enciclopedia libera",
  year = "2022",
  url = "https://it.wikipedia.org/wiki/Serie_storica",
  note = "[Online; controllata il 30-gennaio-2022]"
}
@misc{ dua:2019 ,
  author = "Dua, Dheeru and Graff, Casey",
  year = "2017",
  title = "{UCI} Machine Learning Repository",
  url = "http://archive.ics.uci.edu/ml",
  institution = "University of California, Irvine, School of Information and Computer Sciences"
}
@misc{ dua:air_quality ,
  author = "Zhang   S.   Guo   B.   Dong   A.   He   J.   Xu   Z.  Chen S.X.",
  year = "2017",
  title = "Cautionary Tales on Air-Quality Improvement in Beijing",
  url = "https://archive.ics.uci.edu/ml/datasets/Beijing+Multi-Site+Air-Quality+Data",
  institution = "Proceedings of the Royal Society A, Volume 473, No. 2205, Pages 20170457"
}
@misc{ gg:trend,
  author = "geeksforgeeks",
  title = "What is a trend in time series?",
  year = "2022",
  url = "https://it.wikipedia.org/wiki/Serie_storica",
  note = "[Online; controllata il 30-maggio-2022]"
}

@misc{ md:seasonality,
  author = "medium - towardsdatascience - by Egor Howell",
  title = "Seasonality of Time Series",
  year = "2022",
  url = "https://towardsdatascience.com/seasonality-of-time-series-5b45b4809acd",
  note = "[Online; controllata il 26-ottobre-2022]"
}

@misc{ md:seas_dec_imags,
  author = "medium - towardsdatascience - by Spencer Hayes",
  title = "Finding Seasonal Trends in Time-Series Data with Python",
  year = "2021",
  url = "https://towardsdatascience.com/finding-seasonal-trends-in-time-series-data-with-python-ce10c37aa861",
  note = "[Online; controllata il 8-giugno-2021]"
}
@misc{ sa:stationary,
  author = "Sean Abu",
  title = "Seasonal ARIMA with Python",
  year = "2016",
  url = "http://www.seanabu.com/2016/03/22/time-series-seasonal-ARIMA-model-in-python/",
  note = "[Online; controllata il 22-marzo-2016]"
}
@misc{ sl:cov_stat,
  author = "StatLect",
  title = "Covariance stationary",
  url = "https://www.statlect.com/glossary/covariance-stationary#:~:text=A%20sequence%20of%20random%20variables,not%20on%20their%20absolute%20position.",
  note = "[Online]"
}

